% This file was created with JabRef 2.10.
% Encoding: UTF-8


@Book{java-concurrency-in-practice,
  Title                    = {Java并发编程实战},
  Author                   = {Brian Goetz,Tim Peieis,Joshua Bloch,Joseph Bowbeer,David Holmes,Doug Lea},
  Publisher                = {机械工业出版社},
  Year                     = {2012},

  Owner                    = {subaochen},
  Timestamp                = {2016.01.30}
}

@Misc{threadlocal-api-java8,
  Title                    = {ThreadLocal　API},

  Author                   = {Oracle},
  HowPublished             = {网络},
  Note                     = {Java8},

  Keywords                 = {ThreadLocal},
  Owner                    = {subaochen},
  Timestamp                = {2016.01.30},
  Url                      = {http://docs.oracle.com/javase/8/docs/api/java/lang/ThreadLocal.html}
}

@Misc{tikz-examples,
  Title                    = {tikz examples},

  Owner                    = {subaochen},
  Timestamp                = {2016.02.10},
  Url                      = {http://www.texample.net/tikz/examples}
}

